@article{toussaint,
  author={Godfried Toussaint},
  title={A New Look at {Euclid's} Second Proposition},
  journal={The Mathematical Intelligencer},
  volume=15,
  number=3,
  year=1993,
  pages={12--23},
}

@article{mm,
  author={Norbert Hungerbühler},
  title={A short elementary proof of the {Mohr-Mascheroni} theorem},
  journal={American Mathematical Monthly},
  volume=101,
  number=8,
  year=1994,
  pages={784--787},
}

@book{roads,
  author={Edward C. Wallace and Stephen F. West},
  title={Roads to Geometry (Third Edition)},
  publisher={Pearson},
  year=2003,
}

@unpublished{rusty,
  author={Timothy Peil},
  title={The Rusty Compass Theorem},
  note={\url{http://web.mnstate.edu/peil/geometry/C2EuclidNonEuclid/1Compass.htm}},
}

@book{dorrie1,
  title={100 Problems of Elementary Mathematics: Their History and Solution},
  author={Heinrich D\"{o}rrie},
  publisher={Dover},
  year=1965,
}

@unpublished{dorrie2,
  title={100 Problems of Elementary Mathematics: Their History and Solution},
  author={Heinrich D\"{o}rrie},
  year=2010,
  note={Newly reworked by Michael Woltermann. \url{http://www2.washjeff.edu/users/mwoltermann/Dorrie/DorrieContents.htm}},
}

@article{ramanujan1,
  author={Ramanujan},
  title={Squaring the circle},
  journal={Journal of the Indian Mathematical Society},
  year=1913,
  pages=13,
  note={\url{http://ramanujan.sirinudi.org/Volumes/published/ram05.pdf}},
}

@article{ramanujan2,
  author={Ramanujan},
  title={Modular equations and approximations to $\pi$},
  journal={Quarterly Journal Mathematics},
  year=1914,
  pages={350--372},
  volume={XLV},
}

@book{bold,
  author={Benjamin Bold},
  title={Famous Problems of Mathematics: A History of Constructions with Straight Edge and Compass},
  publisher={Van Nostrand},
  year=1969,
}

@article{hull-beloch,
  author = {Hull, Thomas C.},
  year = {2011},
  pages = {307-315},
  title = {Solving Cubics With Creases: The Work of {Beloch} and {Lill}},
  volume = {118},
  number = 4,
  journal = {American Mathematical Monthly},
}

@article{riaz,
  author={M. Riaz},
  title={Geometric solutions of algebraic equations},
  journal={American Mathematical Monthly},
  volume=69,
  year=1962,
  number=7,
  pages={654--658},
}

@misc{bradford,
  author={Phillips Verner Bradford},
  title={Visualizing solutions to n-th degree algebraic equations using right-angle geometric paths},
  year=2010,
  howpublished={Archived May 2, 2010, at the Wayback Machine, \url{https://web.archive.org/web/20100502013959/http://www.concentric.net/~pvb/ALG/rightpaths.html}},
}

@misc{lang,
  title={Origami and Geometric Constructions},
  author={Robert J. Lang},
  year={1996-–2015},
  howpublished={\url{http://langorigami.com/wp-content/uploads/2015/09/origami_constructions.pdf}},
  note={Accessed 26/02/2020},
}

@misc{wiki:hh,
    author = {{Wikipedia contributors}},
    title = {{Huzita}–{Hatori} axioms --- {Wikipedia}{,} The Free Encyclopedia},
    year = 2020,
    howpublished = {\url{https://en.wikipedia.org/w/index.php?title=Huzita%E2%80%93Hatori_axioms&oldid=934987320}},
  note={Accessed 8/4/2020},
  }

@misc{wiki:tri,
    author = "{Wikipedia contributors}",
    title = "Angle trisection --- {Wikipedia}{,} The Free Encyclopedia",
    year = "2020",
    howpublished = "\url{https://en.wikipedia.org/w/index.php?title=Angle_trisection&oldid=948040883}",
    note = "[Online; accessed 8/4/2020]"
  }
    }
    
@misc{ wiki:quad,
    author = "{Wikipedia contributors}",
    title = "Quadratrix of Hippias --- {Wikipedia}{,} The Free Encyclopedia",
    year = "2020",
    howpublished = "\url{https://en.wikipedia.org/w/index.php?title=Quadratrix_of_Hippias&oldid=942837567}",
    note = "[Online; accessed 8/4/2020]"
  }
  
@misc{ wiki:neu,
    author = "{Wikipedia contributors}",
    title = "Neusis construction --- {Wikipedia}{,} The Free Encyclopedia",
    year = "2019",
     howpublished = "\url{https://en.wikipedia.org/w/index.php?title=Neusis_construction&oldid=884521320}",
    note = "[Online; accessed 8-April-2020]"
  }

@book{martin,
  author={George E. Martin},
  title={Geometric Constructions},
  publisher={Springer},
  year=1998,
  }

@misc{newton,
  author={Liz Newton},
  title={The Power of Origami},
  howpublished={\url{https://plus.maths.org/content/power-origami}},
  note={Accessed 26/02/2020},
}

@misc{oriah,
  author={Oriah Ben-Lulu},
  title={Angle Trisections in Various Axiom Systems},
  year=2020,
  howpublished={Weizmann Institute of Science},
  note={(in Hebrew)},
}

@mastersthesis{hwa,
  author={Hwa Young Lee},
  title={Origami-Constructible Numbers},
  school={University of Georgia},
  year=2017,
}


@book{geometry,
  title={Geometry},
  author={Ann Xavier Gantert},
  year=2008,
  publisher={Perfection Learning},
  }
